<?xml version="1.0" encoding="UTF-8"?><collection><record><leader>05624ntm a2200601 a 4500</leader><controlfield tag="001">006817693</controlfield><controlfield tag="003">MiAaHDL</controlfield><controlfield tag="005">20190719000000.0</controlfield><controlfield tag="006">m        d        </controlfield><controlfield tag="007">cr bn ---auaua</controlfield><controlfield tag="008">090611s1643    xx            00| ||ota d</controlfield><datafield tag="035" ind1=" " ind2=" "><subfield code="a">(MiU)006817693</subfield></datafield><datafield tag="035" ind1=" " ind2=" "><subfield code="a">sdr-miu006817693</subfield></datafield><datafield tag="040" ind1=" " ind2=" "><subfield code="a">MiU</subfield><subfield code="c">MiU</subfield><subfield code="e">amremm</subfield></datafield><datafield tag="041" ind1="0" ind2=" "><subfield code="a">ota</subfield></datafield><datafield tag="043" ind1=" " ind2=" "><subfield code="a">n-us-mi</subfield></datafield><datafield tag="100" ind1="0" ind2=" "><subfield code="6">880-01</subfield><subfield code="a">Veysî,</subfield><subfield code="d">1561-1628.</subfield></datafield><datafield tag="240" ind1="1" ind2="0"><subfield code="6">880-02</subfield><subfield code="a">Siyer-i Veysî.</subfield><subfield code="n">part 1</subfield></datafield><datafield tag="245" ind1="1" ind2="0"><subfield code="6">880-03</subfield><subfield code="a">Siyer-i Veysî,</subfield><subfield code="f">[1053, i.e. 1643].</subfield></datafield><datafield tag="246" ind1="3" ind2=" "><subfield code="a">Dürret üt-taç</subfield></datafield><datafield tag="246" ind1="3" ind2=" "><subfield code="a">Dürretü't-taç fi sîret sâhibi'l-mirâc</subfield></datafield><datafield tag="246" ind1="3" ind2=" "><subfield code="a">سير ويسى عشر معشار</subfield></datafield><datafield tag="246" ind1="3" ind2=" "><subfield code="i">Title from inscription on front flyleaf (p.1):</subfield><subfield code="a">عشر معشار مناقب سيد الابرار</subfield></datafield><datafield tag="260" ind1=" " ind2=" "><subfield code="c">[1643].</subfield></datafield><datafield tag="300" ind1=" " ind2=" "><subfield code="a">119 leaves :</subfield><subfield code="b">paper ;</subfield><subfield code="c">202 x 140 (143 x 83) mm.</subfield></datafield><datafield tag="500" ind1=" " ind2=" "><subfield code="a">Shelfmark: Ann Arbor, University of Michigan, Special Collections Library, Isl. Ms. 674</subfield></datafield><datafield tag="500" ind1=" " ind2=" "><subfield code="a">Origin: As appears in colophon on p.229, copied by Muḥammad ibn Ibrāhīm, known as Khayr [?] Allāh Zādah (Hayrullahzade Mehmet İbrahim) with transcription completed during the last days of Muḥarram 1053 [April 1643].</subfield></datafield><datafield tag="500" ind1=" " ind2=" "><subfield code="a">Accompanying materials: a. Inventory cataloguing slip in hand of Winifred Smeaton Thomas -- b. Acquisitions slip from Yahuda.</subfield></datafield><datafield tag="500" ind1=" " ind2=" "><subfield code="a">Former shelfmark: From front flyleaf, "IL 247a" (likely supplied by Yahuda, see acquisitions slip).</subfield></datafield><datafield tag="500" ind1=" " ind2=" "><subfield code="a">Binding: Pasteboards covered in marbled laid paper (blue and salmon on white) with dark brown leather over spine and fore-edges/turn-ins ; Type III binding (without flap) ; board linings in pale pink paper ; sewn in dull pink, two stations ; only traces of endbands remain, blue and pink threads over leather core ; overall in fair condition with abrasion, staining, lifting and losses of spine leather, delamination of boards at corners, etc.</subfield></datafield><datafield tag="500" ind1=" " ind2=" "><subfield code="a">Support: European laid paper ; mainly with 8 laid lines per cm. (vertical), chain lines spaced 27-29 mm. apart (horizontal), crown-star-crescent watermark (see p.74, 75, 80, etc.) and "A C" under trefoil countermark (see p.74, etc.), sturdy, cream in color, well-burnished ; another type occasionally interspersed with the first, having 11 laid lines per cm. (vertical), chain lines spaced 26-27 mm. apart (horizontal), and three hats watermark (see p.174, 175, etc.), thinner, crisper and darker in color, well-burnished.</subfield></datafield><datafield tag="500" ind1=" " ind2=" "><subfield code="a">Decoration: Keywords rubricated ; textual dividers in the form of red inverted commas ; overlining in red ; written area surrounded by red rule-border.</subfield></datafield><datafield tag="500" ind1=" " ind2=" "><subfield code="a">Script: Nastaʻlīq (talik) ; rather fine Turkish hand ; virtually serifless with slight effect of tilt to the left and of words descending to baseline (occasionally more exaggerated), elongation of horizontal strokes, quite rounded with mainly curvilinear descenders (some sweeping, rightward descenders mainly majmūʻah), pointing in distinct or conjoined dots, point of final nūn set quite deep in bowl, partially vocalized.</subfield></datafield><datafield tag="500" ind1=" " ind2=" "><subfield code="a">Layout: Written in 17 lines per page ; frame-ruled.</subfield></datafield><datafield tag="500" ind1=" " ind2=" "><subfield code="a">Collation: ii, 11 V(110), V-1 (119) ; almost exclusively quinions ; catchwords present ; pagination in pencil, Western numerals, supplied during digitization (includes flyleaves).</subfield></datafield><datafield tag="500" ind1=" " ind2=" "><subfield code="a">Colophon: "Scribal," triangular, reads "جف قلم زائرة عن تسويد هذه السير النبوى عم بعون الله الملك العزيز الغني عن يد اضعف عباد الله تعالى محمد بن ابراهيم الشهير خير [؟] الله زاده المولوى الخطيب اصلح شانهم وصانهم عما شانهم وقع الفراغ في اواخر محرم الحرام لسنه ثلث وخمسين والف م"</subfield></datafield><datafield tag="500" ind1=" " ind2=" "><subfield code="a">Explicit: "خواجۀ عالم ايله صلى الله عليه وسلم پاك ومجلى وحليۀ صحت ايله محلى اولوب مدة العمر درد پاى كورمك اولمدى تمت الحمد لله على التمام وعلى حبيبه افضل السلام"</subfield></datafield><datafield tag="500" ind1=" " ind2=" "><subfield code="a">Incipit: "كنون وقتست كزكلك سخن كوى بسوى ذكر پيغمبر نهم روى"</subfield></datafield><datafield tag="500" ind1=" " ind2=" "><subfield code="a">Title from inscription on front flyleaf (p.1).</subfield></datafield><datafield tag="500" ind1=" " ind2=" "><subfield code="a">Ms. codex.</subfield></datafield><datafield tag="520" ind1="8" ind2=" "><subfield code="a">Fine copy of the first part of Veysî's work on the sīrah of the Prophet. Numerous poetic and other excerpts on added leaves at opening and close of codex.</subfield></datafield><datafield tag="538" ind1=" " ind2=" "><subfield code="a">Mode of access: Internet.</subfield></datafield><datafield tag="541" ind1=" " ind2=" "><subfield code="a">Acquired in 1926 from the bookseller Isaac Benjamin S.E. Yahuda via purchase transacted on his behalf by Abraham Shalom Yahuda (1877-1951), his younger brother.</subfield></datafield><datafield tag="546" ind1=" " ind2=" "><subfield code="a">Ottoman Turkish.</subfield></datafield><datafield tag="561" ind1=" " ind2=" "><subfield code="a">Possible former inventory mark with"٢٨" on front flyleaves (p.1 and p.3) ; partially effaced ownership statement in name of one Mehmet called Müftüzade [?] (محمد المدعو بمفتى زاده ...؟) also on front flyleaf (p.3) ; occasional glosses and marginal (and interlinear) corrections.</subfield></datafield><datafield tag="600" ind1="0" ind2="0"><subfield code="a">Muḥammad,</subfield><subfield code="c">Prophet,</subfield><subfield code="d">-632</subfield><subfield code="v">Biography</subfield><subfield code="v">Early works to 1800.</subfield></datafield><datafield tag="650" ind1=" " ind2="0"><subfield code="a">Manuscripts, Turkish</subfield><subfield code="z">Michigan</subfield><subfield code="z">Ann Arbor.</subfield></datafield><datafield tag="700" ind1="0" ind2=" "><subfield code="6">880-04</subfield><subfield code="a">Hayrullahzade Mehmet İbrahim,</subfield><subfield code="d">fl. 1643,</subfield><subfield code="e">scribe.</subfield></datafield><datafield tag="773" ind1="0" ind2=" "><subfield code="a">Yahuda Collection.</subfield></datafield><datafield tag="880" ind1="0" ind2=" "><subfield code="6">700-04/</subfield><subfield code="a">خير الله زاده محمد ابراهيم,</subfield><subfield code="e">ناسخ</subfield></datafield><datafield tag="880" ind1="1" ind2="0"><subfield code="6">245-03/</subfield><subfield code="a">سير ويسى,</subfield><subfield code="f">[1053ه، 1643م].</subfield></datafield><datafield tag="880" ind1="1" ind2="0"><subfield code="6">240-02/</subfield><subfield code="a">سير ويسى.</subfield><subfield code="n">قسم 1</subfield></datafield><datafield tag="880" ind1="1" ind2=" "><subfield code="6">100-01/</subfield><subfield code="a">ويسى.</subfield></datafield><datafield tag="CID" ind1=" " ind2=" "><subfield code="a">006817693</subfield></datafield><datafield tag="DAT" ind1="0" ind2=" "><subfield code="a">20190719102639.0</subfield><subfield code="b">20190719000000.0</subfield></datafield><datafield tag="DAT" ind1="1" ind2=" "><subfield code="a">20190719090653.0</subfield><subfield code="b">2019-07-19T16:11:59Z</subfield></datafield><datafield tag="DAT" ind1="2" ind2=" "><subfield code="a">2015-10-02T18:00:03Z</subfield></datafield><datafield tag="CAT" ind1=" " ind2=" "><subfield code="a">SDR-MIU</subfield><subfield code="d">EX LIBRIS - ALEPH</subfield><subfield code="l">prepare.pl-004-008</subfield></datafield><datafield tag="FMT" ind1=" " ind2=" "><subfield code="a">BK</subfield></datafield><datafield tag="HOL" ind1=" " ind2=" "><subfield code="0">sdr-miu006817693</subfield><subfield code="a">MiU</subfield><subfield code="b">SDR</subfield><subfield code="c">MIU</subfield><subfield code="p">mdp.39015079129717</subfield><subfield code="s">MIU</subfield><subfield code="1">006817693</subfield></datafield><datafield tag="974" ind1=" " ind2=" "><subfield code="b">MIU</subfield><subfield code="c">MIU</subfield><subfield code="d">20190719</subfield><subfield code="s">lit-dlps-dc</subfield><subfield code="u">mdp.39015079129717</subfield><subfield code="y">1643</subfield><subfield code="r">pd</subfield><subfield code="q">bib</subfield><subfield code="t">non-US bib date1 &lt; 1879</subfield></datafield></record></collection>